@article{Golle.2015,
 author = {Golle, Kathleen and Muehlbauer, Thomas and Wick, Ditmar and Granacher, Urs},
 year = {2015},
 title = {Physical fitness percentiles of German children aged 9--12 years: findings from a longitudinal study},
 pages = {e0142393},
 volume = {10},
 number = {11},
 journal = {PLoS One}
}

% This file was created with Citavi 6.3.0.0

@inbook{Reed.1999,
 author = {Reed, Russell and MarksII, Robert J.},
 year = {1999},
 title = {Neural smithing: supervised learning in feedforward artificial neural networks},
 publisher = {{Mit Press}},
 pages = {155}
}

% related work: critical power concept

@article{Hill.1993,
 author = {Hill, David W.},
 year = {1993},
 title = {The critical power concept},
 pages = {237--254},
 volume = {16},
 number = {4},
 journal = {Sports medicine}
}


@article{Hill.1995,
 author = {Hill, David W. and Steward, Robert P. and Lane, Cindy J.},
 year = {1995},
 title = {Application of the critical power concept to young swimmers},
 pages = {281--293},
 volume = {7},
 number = {3},
 journal = {Pediatric Exercise Science}
}


@article{Monod.1965,
 author = {Monod, H. and Scherrer, J.},
 year = {1965},
 title = {The work capacity of a synergic muscular group},
 pages = {329--338},
 volume = {8},
 number = {3},
 journal = {Ergonomics}
}

@article{Dekerle.2002,
 author = {Dekerle, Jeanne and Sidney, Michel and Hespel, J. M. and Pelayo, Patrick},
 year = {2002},
 title = {Validity and reliability of critical speed, critical stroke rate, and anaerobic capacity in relation to front crawl swimming performances},
 pages = {93--98},
 volume = {23},
 number = {02},
 journal = {International journal of sports medicine}
}

@article{Wakayoshi.1992,
 author = {Wakayoshi, Kohji and Ikuta, Komei and Yoshida, Takayoshi and Udo, Masao and Moritani, Toshio and Mutoh, Yoshiteru and Miyashita, Mitsumasa},
 year = {1992},
 title = {Determination and validity of critical velocity as an index of swimming performance in the competitive swimmer},
 pages = {153--157},
 volume = {64},
 number = {2},
 journal = {European journal of applied physiology and occupational physiology}
}


% related machine learning work

@article{EdelmannNusser.2002,
 author = {Edelmann-Nusser, J{\"u}rgen and Hohmann, Andreas and Henneberg, Bernd},
 year = {2002},
 title = {Modeling and prediction of competitive performance in swimming upon neural networks},
 pages = {1--10},
 volume = {2},
 number = {2},
 journal = {European Journal of Sport Science}
}


@article{Silva.2007,
 author = {Silva, Ant{\'o}nio Jos{\'e} and Costa, Aldo Manuel and Oliveira, Paulo Moura and Reis, Victor Machado and Saavedra, Jos{\'e} and Perl, Jurgen and Rouboa, Abel and Marinho, Daniel Almeida},
 year = {2007},
 title = {The use of neural network technology to model swimming performance},
 pages = {117},
 volume = {6},
 number = {1},
 journal = {Journal of sports science {\&} medicine}
}

@inproceedings{Xie.2015,
 author = {Xie, Jiang and Xu, Junfu and Nie, Celine and Nie, Qing},
 title = {Prediction on Performance of Age Group Swimming Using Machine Learning},
 pages = {178--184},
 booktitle = {International Conference on High Performance Computing and Applications},
 year = {2015}
}

% sport theory background

@inbook{Bompa.2018,
 author = {Bompa, Tudor O. and Buzzichelli, Carlo},
 year = {2018},
 title = {Periodization: theory and methodology of training},
 edition = {6},
 publisher = {{Human kinetics}},
 pages = {20ff}
}

@inbook{Bompa.2018.compensation,
 author = {Bompa, Tudor O. and Buzzichelli, Carlo},
 year = {2018},
 title = {Periodization: theory and methodology of training},
 edition = {6},
 publisher = {{Human kinetics}},
 pages = {18}
}
@inbook{Bompa.2018.adaption,
 author = {Bompa, Tudor O. and Buzzichelli, Carlo},
 year = {2018},
 title = {Periodization: theory and methodology of training},
 edition = {6},
 publisher = {{Human kinetics}},
 pages = {8ff}
}

@inbook{Dr.PatriziaMayerHaralOchwatweitereBSVDozenten.2007,
 author = {{Dr. Patrizia Mayer, Haral Ochwat, weitere BSV Dozenten}},
 year = {2007},
 title = {Trainerhandbuch: Breiten-, Freizeit- und Gesundheitssport, Leistungssport Schwimmen},
 address = {Munich},
 edition = {2},
 publisher = {{Bayerischer Schwimmverband e.V.}
 pages = {224f}
}
}




